@article{cong2024effects,
  title={Effects of perceived academic stress on sleep quality among Chinese college students: mediating effects of social comparison, bedtime procrastination, and the protective role of emotion regulation},
  author={Cong, Tianyue and Kuang, Yi and Bao, Yuyan and Yu, Shi},
  journal={Current Psychology},
  pages={1--16},
  year={2024},
  publisher={Springer}
}
